@book{serre1977linear,
    title={Linear representations of finite groups},
    author={Serre, Jean-Pierre},
    volume={42},
    publisher={Springer}
}
